@article{chazal2014persistence,
	title        = {Persistence stability for geometric complexes},
	author       = {Chazal, Frederic and De Silva, Vin and Oudot, Steve},
	year         = 2014,
	journal      = {Geometriae Dedicata},
	publisher    = {Springer},
	volume       = 173,
	number       = 1,
	pages        = {193--214}
}
@article{de2011dualities,
	title        = {Dualities in persistent (co)homology},
	author       = {De Silva, Vin and Morozov, Dmitriy and Vejdemo-Johansson, Mikael},
	year         = 2011,
	journal      = {Inverse Problems},
	publisher    = {IOP Publishing},
	volume       = 27,
	number       = 12
}
@article{zomorodian2004computing,
	title        = {Computing persistent homology},
	author       = {Zomorodian, Afra and Carlsson, Gunnar},
	year         = 2004,
	journal      = {Symposium on Computational Geometry},
	volume       = 20,
	pages        = {347--356}
}
@article{carlsson2010zigzag,
	title        = {Zigzag persistence},
	author       = {Carlsson, Gunnar and De Silva, Vin},
	year         = 2010,
	journal      = {Foundations of Computational Mathematics},
	volume       = 10,
	pages        = {367--405}
}
@article{chazal2009proximity,
	title        = {Proximity of persistence modules and their diagrams},
	author       = {Chazal, Frederic and Cohen-Steiner, David and Glisse, Marc and Guibas, Leonidas J and Oudot, Steve},
	year         = 2009,
	booktitle    = {Proceedings of the 25th Annual Symposium on Computational Geometry},
	pages        = {237--246}
}
@book{chazal2016structure,
	title        = {The structure and stability of persistence modules},
	author       = {Chazal, Frederic and De Silva, Vin and Glisse, Marc and Oudot, Steve},
	year         = 2016,
	publisher    = {Springer},
	volume       = 10
}
@book{boissonnat2018geometric,
	title        = {Geometric and topological inference},
	author       = {Boissonnat, Jean-Daniel and Chazal, Frederic and Yvinec, Mariette},
	year         = 2018,
	publisher    = {Cambridge University Press},
	volume       = 57
}
@book{hatcher2005algebraic,
	title        = {Algebraic topology},
	author       = {Hatcher, Allen},
	year         = 2005,
	publisher    = {Cambridge University Press}
}
@article{edelsbrunner2000triangulations,
	title        = {Triangulations and meshes in computational geometry},
	author       = {Edelsbrunner, Herbert},
	year         = 2000,
	journal      = {Acta numerica},
	publisher    = {Cambridge University Press},
	volume       = 9,
	pages        = {133--213}
}
@inproceedings{bendich2007inferring,
	title        = {Inferring local homology from sampled stratified spaces},
	author       = {Bendich, Paul and Cohen-Steiner, David and Edelsbrunner, Herbert and Harer, John and Morozov, Dmitriy},
	year         = 2007,
	booktitle    = {48th Annual IEEE Symposium on Foundations of Computer Science},
	pages        = {536--546},
	organization = {IEEE}
}
@book{EdelsbrunnerHarer2010,
	title        = {Computational Topology: An Introduction},
	author       = {Herbert Edelsbrunner and John Harer},
	year         = 2010,
	publisher    = {American Mathematical Society}
}
@book{Weibel1994,
	title        = {An Introduction to Homological Algebra},
	author       = {Charles A. Weibel},
	year         = 1994,
	publisher    = {Cambridge University Press},
	address      = {Cambridge},
	series       = {Cambridge Studies in Advanced Mathematics},
	volume       = 38
}

